@inproceedings{tverifier,
 author = {Xian Li, Weiyi Meng, Clement Yu},
 title = {T-verifier: Verifying Truthfulness of Fact Statements},
 booktitle = {ICDE}, 
 year = {2011},
}


@MISC{madwifi,
  title = {http://madwifi-project.org}
}


